@inproceedings{megastereo,
  author    = {Christian Richardt and Yael Pritch and Henning Zimmer and Alexander Sorkine-Hornung},
  title     = {Megastereo: Constructing High-Resolution Stereo Panoramas},
  booktitle = {Conference on Computer Vision and Pattern Recognition (CVPR)},
  publisher={{IEEE} Computer Society},
  year      = {2013},
  month     = {June},
  pages     = {1256--1263},
  doi       = {10.1109/CVPR.2013.166},
  url       = {http://richardt.name/megastereo/},
}

@inproceedings{6dof,
  author={J. {Huang} and Z. {Chen} and D. {Ceylan} and H. {Jin}},
  booktitle={2017 IEEE Virtual Reality (VR)}, 
  title={6-{DOF} {VR} videos with a single 360-camera}, 
  publisher={{IEEE} Computer Society},
  year={2017},
  pages={37-44}
}

